@misc{lambda-calculus-wiki,
    title = "Lambda calculus",
    howpublished = "\url{https://en.wikipedia.org/wiki/Lambda_calculus}",
    note = "Last visited: 2024. 04. 01."
}

@misc{lambda-calculus-rewriting-problems,
    title = "Problems with the naive rewriting rule",
    author = "Susan B. Horwitz",
    howpublished = "\url{https://pages.cs.wisc.edu/~horwitz/CS704-NOTES/1.LAMBDA-CALCULUS.html#problems}",
    note = "Last visited: 2024. 04. 03."
}

@misc{de-bruijn-indexing,
    title = "De-Bruijn indexing",
    howpublished = "\url{https://en.wikipedia.org/wiki/De_Bruijn_index}",
    note = "Last visited: 2024. 04. 03."
}

@misc{hoogle,
    title = "Haskell library and documentation search engine",
    howpublished = "\url{https://hoogle.haskell.org/}",
    note = "Last visited: 2024. 03. 30."
}

@misc{lib-process,
    title = "The \verb$process$ library",
    howpublished = "\url{https://hackage.haskell.org/package/process}",
    note = "Last visited: 2024. 03. 15."
}

@misc{lib-array,
    title = "The \verb$array$ library",
    howpublished = "\url{https://hackage.haskell.org/package/array}",
    note = "Last visited: 2024. 03. 15."
}

@misc{lib-hspec,
    title = "The \verb$hspec$ library",
    howpublished = "\url{https://hackage.haskell.org/package/hspec}",
    note = "Last visited: 2024. 03. 15."
}

@misc{lib-temporary,
    title = "The \verb$temporary$ library",
    howpublished = "\url{https://hackage.haskell.org/package/temporary}",
    note = "Last visited: 2024. 03. 15."
}

@misc{lib-quickcheck,
    title = "The \verb$QuickCheck$ library",
    howpublished = "\url{https://hackage.haskell.org/package/QuickCheck}",
    note = "Last visited: 2024. 03. 15."
}
